@inproceedings{melnychenko2021influence,
  author    = {Melnychenko, Oleksandr and Kalna-Dubinyuk, Tetyana and Vovchak, Olha and Girchenko, Tetiana},
  booktitle = {E3S Web of Conferences},
  pages     = {1--12},
  title     = {The influence of climate change on the life insurance in the EU: A panel data approach},
  volume    = {307},
  year      = {2021}
}
@article{peara1999global,
  author    = {Peara, Andrew and Mills, Evan},
  publisher = {Citeseer},
  title     = {Global climate change and its implications for life insurance and health organizations},
  year      = {1999}
}
@article{ford2019practical,
  author    = {Ford, David and Ashton, Bradley and Audley, Kyle and Qazvini, Marjan and Yuan, Yixuan and McLintock, Yvonne},
  publisher = {Institute and Faculty of Actuaries},
  title     = {A Practical Guide to Climate Change for Life Actuaries},
  year      = {2019}
}
@article{medders2017climate,
  author  = {Medders, Lorilee},
  journal = {Florida's Climate: Changes, Variations, \& Impacts},
  title   = {Climate Change Impacts on Insurance in Florida},
  year    = {2017}
}
@article{kurdys2019determinants,
  author    = {Kurdy{\'s}-Kujawska, Agnieszka and Sompolska-Rzechu{\l}a, Agnieszka},
  journal   = {Prace Naukowe Uniwersytetu Ekonomicznego we Wroc{\l}awiu},
  number    = {7},
  pages     = {71--81},
  publisher = {Wydawnictwo Uniwersytetu Ekonomicznego we Wroclawiu},
  title     = {Determinants of demand for life insurance: The example of farmers from north-west Poland},
  volume    = {63},
  year      = {2019}
}
@article{gupta2023assessing,
  author    = {Gupta, Aparna and Owusu, Abena and Wang, Jue},
  journal   = {The Geneva Papers on Risk and Insurance-Issues and Practice},
  pages     = {1--34},
  publisher = {Springer},
  title     = {Assessing US insurance firms' climate change impact and response},
  year      = {2023}
}
@article{miljkovic2018examining,
  author    = {Miljkovic, Tatjana and Miljkovic, Dragan and Maurer, Karsten},
  journal   = {European Actuarial Journal},
  pages     = {363--381},
  publisher = {Springer},
  title     = {Examining the impact on mortality arising from climate change: important findings for the insurance industry},
  volume    = {8},
  year      = {2018}
}
@article{52fe03b936e8ac786b2496c10ef95a667a79fb65afc3b6fade5f18f7ff7ed296,
  author = {Botzen, W.J.W. and van den Bergh, J.C.J.M.},
  title  = {Monetary valuation of insurance against flood risk under climate change},
  year   = {2012}
}
@article{0d0829af9feb5546bb59e375ea4894d90aeabd2748cf867255c177db2f9c85f0,
  author = {Ranger, Nicola and Surminski, Swenja},
  title  = {A preliminary assessment of the impact of climate change on non-life insurance demand in the BRICS economies},
  url    = {http://eprints.lse.ac.uk/50785/},
  year   = {2013}
}
@article{036ba17173557d4ce4a0f695071607ffeae2eab12e257131df7bca2bb377810e,
  author = {Di Falco, Salvatore and Adinolfi, Felice and Bozzola, Martina and Capitanio, Fabian},
  day    = {5},
  month  = {6},
  title  = {Crop Insurance as a Strategy to Adapt to Climate Change},
  year   = {2014}
}
@article{1c5245f78653515f40b6f011c62fc2a2fe298179e743d9a6be0b9a1ae469a194,
  author = {Clement, Kristina Yuzva and Botzen, Wouter and Brouwer, Roy and Aerts, Jeroen C.J.H.},
  day    = {1},
  month  = {6},
  title  = {A global review of the impact of basis risk on the functioning of and demand for index insurance},
  year   = {2018}
}
@article{6f5ae3e8490ca7f72b3a0bcfb95d0190cca5269bb1556535abbf38c0cbd98256,
  author = {Tesselaar, Max and Wouter Botzen, W. J. and Haer, Toon and Hudson, Paul and Tiggeloven, Timothy and Aerts, Jeroen C.J.H.},
  day    = {21},
  month  = {10},
  title  = {Regional inequalities in flood insurance affordability and uptake under climate change},
  year   = {2020}
}
@article{62f41ec05ea0d1b82f801a8f605b721bf4a2cb7cfaa25e970eb0bb20622c57e8,
  author = {Sonia Akter and Timothy Joseph Krupnik},
  title  = {Climate change skepticism and index versus standard crop insurance demand in coastal Bangladesh},
  year   = {2017}
}
