@article{wang2020corrected,
  title={Corrected maximum likelihood estimations of the lognormal distribution parameters},
  author={Wang, Shuyi and Gui, Wenhao},
  journal={Symmetry},
  volume={12},
  number={6},
  pages={968},
  year={2020},
  publisher={Multidisciplinary Digital Publishing Institute}
}
