@article{张宝2011基于,
  title   = {基于 KMV 模型的中国短期融资券信用风险评级研究},
  author  = {张宝 and 岳宗营},
  journal = {证券市场导报},
  number  = {3},
  pages   = {63--68},
  year    = {2011}
}
@phdthesis{任宇航2006信用风险组合管理模型中的相关性问题研究述评,
  title  = {信用风险组合管理模型中的相关性问题研究述评},
  author = {任宇航 and 夏恩君 and 程功},
  year   = {2006}
}
